@book{ID:1,
AUTHOR="OpenCV",
TITLE="http://docs.opencv.org/3.1.0/"
}
